@ARTICLE{vivek:arp,
	AUTHOR = "Vivek Ramachandran and Sukumar Nandi",
	TITLE = "Detecting ARP Spoofing: An Active Technique",
	ORGANIZATION = "Cisco Systems, Inc. Bangalore India",
	PUBLISHER = "Indian Institute of Technology, Guwahati, Assam, India",
	PAGES = {1-13},
	}
	
@ARTICLE{navid:arp2,
	AUTHOR = "Navid Behboodian and Shukor Abd Razak",
	TITLE = "ARP Poisoning Attack Detection and Protection in WLAN via Client Web Browser",
	ORGANIZATION = "International Conference on Emerging Trends in Computer and Image Processing 2011",
	PAGES = {20-24},
	MONTH = "December",
	YEAR = {2011}	
	}
	
@ARTICLE{goldendeep:arp3,
	AUTHOR = "Goldendeep Kaur and Jyoteesh Malhotra",
	TITLE = "A Review of Latest Techniques to Secure Wireless Networks against ARP Poisoning Attacks",
	JOURNAL = {International Journal of the Future Generation Communication and Networking},
	VOLUME = {8},
	NUMBER = {2},
	PAGES = {225-232},
	YEAR = {2015}	}
	
@ARTICLE{wagner:arp4,
	AUTHOR = "Robert Wagner",
	TITLE = "Address Resolution Protocol Spoofing and Man-in-the-Middle Attacks",
	ORGANIZATION = "SANS Institute",
	MONTH = "August",
	YEAR = {2001}	
	}
	
@ARTICLE{blackhat:arp5,
	AUTHOR = "Alberto Ornaghi and Marco Valleri",
	TITLE = "Man in the Middle Attacks",
	ORGANIZATION = "Blackhat Conference, Europe",
	YEAR = {2003}	
	}

@ARTICLE{braams:babel,
	AUTHOR = "Johannes Braams",
	TITLE = "Babel, a Multilingual Style-Option System for Use with LaTeX's Standard Document Styles",
	JOURNAL = {TUGboat},
	VOLUME = {12},
	NUMBER = {2},
	PAGES = {291-301},
	MONTH = "June",
	YEAR = {1991}	}

@INPROCEEDINGS{clark:pct,
	AUTHOR = "Malcolm Clark",
	TITLE = "Post Congress Tristesse",
	BOOKTITLE = "TeX90 Conference Proceedings",
	PAGES = "84-89",
	ORGANIZATION = "TeX Users Group",
	MONTH = "March", 
	YEAR = {1991}	}

@ARTICLE{herlihy:methodology,
	AUTHOR = "Maurice Herlihy",
	TITLE = "A Methodology for Implementing Highly Concurrent
	Data Objects",
	JOURNAL = {ACM Trans. Program. Lang. Syst.},
	VOLUME = {15},
	NUMBER = {5},
	PAGES = {745-770},
	MONTH = "November",
	YEAR = {1993}	}

@BOOK{Lamport:LaTeX,
	AUTHOR = "Leslie Lamport",
	TITLE = "LaTeX User's Guide and Document Reference Manual",
	PUBLISHER = "Addison-Wesley Publishing Company",
	ADDRESS = "Reading, Massachusetts",
	YEAR = "1986"	}

@BOOK{salas:calculus,
	AUTHOR = "S.L. Salas and Einar Hille",
	TITLE = "Calculus: One and Several Variable",
	PUBLISHER = "John Wiley and Sons",
	ADDRESS = "New York",
	YEAR = "1978"	}
